<?xml version="1.0" encoding="UTF-8"?><record xmlns="http://www.loc.gov/MARC21/slim" xmlns:cinclude="http://apache.org/cocoon/include/1.0" xmlns:zs="http://www.loc.gov/zing/srw/">
  <leader>00449nz  a2200121n  4500</leader>
  <controlfield tag="001">n 2005176465</controlfield>
  <controlfield tag="003">DLC</controlfield>
  <controlfield tag="005">20051114122656.0</controlfield>
  <controlfield tag="008">051114n| acannaabn           n aaa      </controlfield>
  <datafield tag="010" ind1=" " ind2=" ">
    <subfield code="a">n 2005176465</subfield>
  </datafield>
  <datafield tag="040" ind1=" " ind2=" ">
    <subfield code="a">DLC</subfield>
    <subfield code="b">eng</subfield>
    <subfield code="c">DLC</subfield>
  </datafield>
  <datafield tag="100" ind1="1" ind2=" ">
    <subfield code="a">Hussey, Benjamin R.</subfield>
  </datafield>
  <datafield tag="670" ind1=" " ind2=" ">
    <subfield code="a">NUCMC data from New Bedford Whaling Museum, Kendall Institute for James Maury (Ship). Logbook, 1841 Mar. 11-1845 Feb. 19</subfield>
    <subfield code="b">(Benjamin R. Hussey; master of whaling vessel out of Salem, Mass.)</subfield>
  </datafield>
</record>